% How to cite webpage: https://tex.stackexchange.com/questions/3587/how-can-i-use-bibtex-to-cite-a-web-page

@misc{uberincrease,
  title = {Exploring the Taxi and Uber Demand in New York City: An Empirical Analysis and Spatial Modeling},
  author = {{Correa, D., Xie, K., Ozbay, K.}},
  howpublished = {\url{https://freetoursbyfoot.com/how-to-get-a-taxi-in-nyc/}},
  note = {Accessed: 2022-08-03}
}

@misc{nycinfo,
  title = {New York City | Layout, Map, Economy, Culture, Facts, \& History},
  author = {{Lankevich, G.}},
  howpublished = {\url{https://www.britannica.com/place/New-York-City}},
  note = {Accessed: 2022-08-05}
}

@misc{difftaxi,
  title = {How to Get a Taxi in NYC},
  author = {{Pickhardt, S.}},
  howpublished = {\url{https://freetoursbyfoot.com/how-to-get-a-taxi-in-nyc/}},
  note = {Accessed: 2022-08-03}
}

@misc{nyctlc2019,
  title = {TLC Trip Record Data},
  author = {{New York City Taxi and Limousine Commission}},
  howpublished = {\url{https://www1.nyc.gov/site/tlc/about/tlc-trip-record-data.page.}},
  note = {Accessed: 2022-08-03}
}

@misc{weathereffect,
  title = {Quantifying the Impact of Rainfall on Taxi Hailing and Operation},
  author = {{Sun, J., Dong, H., Qin, G., Tian, Y.}},
  howpublished = {\url{https://www.hindawi.com/journals/jat/2020/7081628/.}},
  note = {Accessed: 2022-08-03}
}

@misc{nycweather2019,
  title = {Weather Query Builder},
  author = {{Visual Crossing}},
  howpublished = {\url{https://www.visualcrossing.com/weather/weather-data-services}},
  note = {Accessed: 2022-08-05}
}

@misc{linearregression,
    title = {Linear Regression with PySpark},
    author = {{Rupchandani, H., Jangir, A.}},
    howpublished = {\url{https://medium.com/international-school-of-ai-data-science/linear-regression-with-pyspark-c5e2d0012072}},
    note = {Accessed: 2022-08-24}
}

@misc{poissonregression,
    title = {GeneralizedLinearRegression},
    author = {Apache Spark},
    howpublished = {\url{https://spark.apache.org/docs/latest/api/python/reference/api/pyspark.ml.regression.GeneralizedLinearRegression.html}},
    note = {Accessed: 2022=08-24}
}



% You should lookup the entries defined in bibtex to properly format your .bib file